%RNN-general
%%%%%%%%%%%%%%%%%%%%%%%%%%%%%%%%%%%%%%%%%%%%%%%%%%%%%%
@article{gravesGenerating,
  author    = {Alex Graves},
  title     = {Generating Sequences With Recurrent Neural Networks},
  journal   = {CoRR},
  volume    = {abs/1308.0850},
  year      = {2013},
  url       = {http://arxiv.org/abs/1308.0850},
  archivePrefix = {arXiv},
  eprint    = {1308.0850},
  timestamp = {Mon, 13 Aug 2018 16:47:21 +0200},
  biburl    = {https://dblp.org/rec/bib/journals/corr/Graves13},
  bibsource = {dblp computer science bibliography, https://dblp.org}
}
@book{gravesBook,
author = {Graves, Alex},
year = {2012},
month = {01},
pages = {},
title = {Supervised Sequence Labelling with Recurrent Neural Networks},
volume = {385},
journal = {Stud Comput Intell},
doi = {10.1007/978-3-642-24797-2}
}

@article{review,
  author    = {Zachary Chase Lipton},
  title     = {A Critical Review of Recurrent Neural Networks for Sequence Learning},
  journal   = {CoRR},
  volume    = {abs/1506.00019},
  year      = {2015},
  url       = {http://arxiv.org/abs/1506.00019},
  archivePrefix = {arXiv},
  eprint    = {1506.00019},
  timestamp = {Mon, 13 Aug 2018 16:48:10 +0200},
  biburl    = {https://dblp.org/rec/bib/journals/corr/Lipton15},
  bibsource = {dblp computer science bibliography, https://dblp.org}
}


%Proba interpretation

@inproceedings{inter,
  title={Probabilistic Interpretations of Recurrent Neural Networks},
  author={Yo Joong Choe and J. C. Shin and Neil Spencer},
  year={2017}
}
@article{finnish,
author    = {Mathias Berglund and
             Tapani Raiko and
             Mikko Honkala and
             Leo K{\"{a}}rkk{\"{a}}inen and
             Akos Vetek and
             Juha Karhunen},
title     = {Bidirectional Recurrent Neural Networks as Generative Models - Reconstructing
             Gaps in Time Series},
journal   = {CoRR},
volume    = {abs/1504.01575},
year      = {2015},
url       = {http://arxiv.org/abs/1504.01575},
archivePrefix = {arXiv},
eprint    = {1504.01575},
timestamp = {Mon, 13 Aug 2018 16:47:11 +0200},
biburl    = {https://dblp.org/rec/bib/journals/corr/BerglundRHKVK15},
bibsource = {dblp computer science bibliography, https://dblp.org}
}
@article{mythos,
  author    = {Zachary Chase Lipton},
  title     = {The Mythos of Model Interpretability},
  journal   = {CoRR},
  volume    = {abs/1606.03490},
  year      = {2016},
  url       = {http://arxiv.org/abs/1606.03490},
  archivePrefix = {arXiv},
  eprint    = {1606.03490},
  timestamp = {Mon, 13 Aug 2018 16:48:59 +0200},
  biburl    = {https://dblp.org/rec/bib/journals/corr/Lipton16a},
  bibsource = {dblp computer science bibliography, https://dblp.org}
}
@misc{monference,
author = {Andreas, Jacob},
title = {A neural network is a monference, not a model},
type = {Blog},
year = {2016},
url = {http://blog.jacobandreas.net/monference.html}
}
%NLP specific
%%%%%%%%%%%%%%%%%%%%%%%%%%%%%%%%%%%%%%%%%%%%%%%%%%%%%%%%
@inproceedings{glove,
	author = {Jeffrey Pennington and Richard Socher and Christopher D. Manning},
	booktitle = {Empirical Methods in Natural Language Processing (EMNLP)},
	title = {GloVe: Global Vectors for Word Representation},
	year = {2014},
	pages = {1532--1543},
	url = {http://www.aclweb.org/anthology/D14-1162},
}

%Algos
%%%%%%%%%%%%%%%%%%%%%%%%%%%%%%%%%%%%%%%%%%%%%%%%%%%%%%%%%%
@article{adam,
	author    = {Diederik P. Kingma and
	Jimmy Ba},
	title     = {Adam: {A} Method for Stochastic Optimization},
	journal   = {CoRR},
	volume    = {abs/1412.6980},
	year      = {2014},
	url       = {http://arxiv.org/abs/1412.6980},
	archivePrefix = {arXiv},
	eprint    = {1412.6980},
	timestamp = {Mon, 13 Aug 2018 16:47:35 +0200},
	biburl    = {https://dblp.org/rec/bib/journals/corr/KingmaB14},
	bibsource = {dblp computer science bibliography, https://dblp.org}
}

%Ml-DL general books
%%%%%%%%%%%%%%%%%%%%%%%%%%%%%%%%%%%%%%%%%%%%%%%%%%%%%%%%%%%%
@book{deeplearning,
 author = {Goodfellow, Ian and Bengio, Yoshua and Courville, Aaron},
 title = {Deep Learning},
 year = {2016},
 isbn = {0262035618, 9780262035613},
 publisher = {The MIT Press},
} 
%Data
